@BOOK{wirth, 
	author = "Niklaus Wirth",
	title = "Compiler Construction",
	publisher = "Addison-Wesley ",
	year = "1996"}